5170B82568975000151007      MAGADAN S.L.                                   2100085                                                                  
5370B82568975000151007      MAGADAN S.L.               01355555550010492092        06                                                                
5670B82568975000000021      JOJO, S.L.                              2055555047910302451300001817920000000000000000Recibo N§      7129-01                  201007  
5676B82568975000000021      Pol. Ind.              C/A Nave 10      Mutilva Baja                     82192MADRID                                240907            
5670B82568975000000111      DIDA DISEÑO GRAFICO S.L.L.              2105555916020004999900000022790000000000000000Recibo N§      7138-01                  091007  
5676B82568975000000111      C/ SSSSSSSSSSSSSSSS, 75 Oficina 14º     MADRID                           82014MADRID                                091007        
5670B82568975000000174      GRAFISSSSSSSSSR, S.L.                   2055555655912258451200000109360000000000000000Recibo N§      7140-01                  091007  
5676B82568975000000174      JOAQUINSSSSSSS, 8                       MADRID                           82014MADRID                                091007        
5670B82568975000000232      PUDDDDDDDDDDDDNAVARRA                   2055555174912122946900000034100000000000000000Recibo N§      7141-01                  091007  
5676B82568975000000232      Pol. HHHHHHHDilva Baja, C/E nave 6      MUTILVA BAJA                     82192MADRID                                091007        
5670B82568975000000286      CENTRO MEDICO SSSSSSSSSSSSSSSSI, S.L.   0065011130000102992700000095240000000000000000Recibo N§      7142-01                  091007  
5676B82568975000000286      Av. PIO TTTTTTTT-2C                     MADRID                           82008MADRID                                091007        
5870B82568975000                                                                        0000207941      00000000050000000012                                      
5970B82568975000                                                    0001                0000207941      00000000050000000014                                      